@article{howden2016innovations,
  title={Innovations in assessment and adaptation: building on the US National Climate Assessment},
  author={Howden, Mark and Jacobs, Katharine L},
  journal={Climatic change},
  volume={135},
  number={1},
  pages={157--171},
  year={2016},
  publisher={Springer}
}

@article{curtis2011understanding,
  title={Understanding the demographic implications of climate change: estimates of localized population predictions under future scenarios of sea-level rise},
  author={Curtis, Katherine J and Schneider, Annemarie},
  journal={Population and Environment},
  volume={33},
  number={1},
  pages={28--54},
  year={2011},
  publisher={Springer}
}

@article{wu2002vulnerability,
  title={Vulnerability of coastal communities to sea-level rise: a case study of Cape May County, New Jersey, USA},
  author={Wu, Shuang-Ye and Yarnal, Brent and Fisher, Ann},
  journal={Climate Research},
  volume={22},
  number={3},
  pages={255--270},
  year={2002},
  publisher={JSTOR}
}

@article{neumann2015joint,
  title={Joint effects of storm surge and sea-level rise on US Coasts: new economic estimates of impacts, adaptation, and benefits of mitigation policy},
  author={Neumann, James E and Emanuel, Kerry and Ravela, Sai and Ludwig, Lindsay and Kirshen, Paul and Bosma, Kirk and Martinich, Jeremy},
  journal={Climatic Change},
  volume={129},
  number={1-2},
  pages={337--349},
  year={2015},
  publisher={Springer}
}

@article{hauer2016millions,
  title={Millions projected to be at risk from sea-level rise in the continental United States},
  author={Hauer, Mathew E and Evans, Jason M and Mishra, Deepak R},
  journal={Nature Climate Change},
  volume={6},
  number={7},
  pages={691},
  year={2016},
  publisher={Nature Publishing Group}
}

@article{jin2015shoreline,
  title={Shoreline change, seawalls, and coastal property values},
  author={Jin, Di and Hoagland, Porter and Au, Donna K and Qiu, Jun},
  journal={Ocean \& Coastal Management},
  volume={114},
  pages={185--193},
  year={2015},
  publisher={Elsevier}
}

@article{titus2009state,
  title={State and local governments plan for development of most land vulnerable to rising sea level along the US Atlantic coast},
  author={Titus, James G and Hudgens, Daniel E and Trescott, Daniel L and Craghan, Michael and Nuckols, William H and Hershner, Carl H and Kassakian, JM and Linn, Chris J and Merritt, Peter G and McCue, TM and others},
  journal={Environmental Research Letters},
  volume={4},
  number={4},
  pages={044008},
  year={2009},
  publisher={IOP Publishing}
}

@article{deconto2016contribution,
  title={Contribution of Antarctica to past and future sea-level rise},
  author={DeConto, Robert M and Pollard, David},
  journal={Nature},
  volume={531},
  number={7596},
  pages={591},
  year={2016},
  publisher={Nature Publishing Group}
}

@article{chang2010potential,
  title={Potential impacts of climate change on flood-induced travel disruptions: a case study of Portland, Oregon, USA},
  author={Chang, Heejun and Lafrenz, Martin and Jung, Il-Won and Figliozzi, Miguel and Platman, Deena and Pederson, Cindy},
  journal={Annals of the Association of American Geographers},
  volume={100},
  number={4},
  pages={938--952},
  year={2010},
  publisher={Taylor \& Francis}
}

@article{strauss2015carbon,
  title={Carbon choices determine US cities committed to futures below sea level},
  author={Strauss, Benjamin H and Kulp, Scott and Levermann, Anders},
  journal={Proceedings of the National Academy of Sciences},
  volume={112},
  number={44},
  pages={13508--13513},
  year={2015},
  publisher={National Acad Sciences}
}

@article{ache2015coast,
  title={"The coast" is complicated: a model to consistently describe the natio's coastal population},
  author={Ache, Brent W and Crossett, Kristen M and Pacheco, Percy A and Adkins, Jeffery E and Wiley, Peter C},
  journal={Estuaries and coasts},
  volume={38},
  number={1},
  pages={151--155},
  year={2015},
  publisher={Springer}
}

@article{hino2017managed,
  title={Managed retreat as a response to natural hazard risk},
  author={Hino, Miyuki and Field, Christopher B and Mach, Katharine J},
  journal={Nature Climate Change},
  volume={7},
  number={5},
  pages={364},
  year={2017},
  publisher={Nature Publishing Group}
}

@article{neumann2015future,
  title={Future coastal population growth and exposure to sea-level rise and coastal flooding-a global assessment},
  author={Neumann, Barbara and Vafeidis, Athanasios T and Zimmermann, Juliane and Nicholls, Robert J},
  journal={PloS one},
  volume={10},
  number={3},
  pages={e0118571},
  year={2015},
  publisher={Public Library of Science}
}

@article{dahl2017sea,
  title={Sea level rise drives increased tidal flooding frequency at tide gauges along the US East and Gulf Coasts: Projections for 2030 and 2045},
  author={Dahl, Kristina A and Fitzpatrick, Melanie F and Spanger-Siegfried, Erika},
  journal={PloS one},
  volume={12},
  number={2},
  pages={e0170949},
  year={2017},
  publisher={Public Library of Science}
}

@article{huntington2012towards,
  title={Towards a tipping point in responding to change: rising costs, fewer options for Arctic and global societies},
  author={Huntington, Henry P and Goodstein, Eban and Euskirchen, Eug{\'e}nie},
  journal={Ambio},
  volume={41},
  number={1},
  pages={66--74},
  year={2012},
  publisher={Springer}
}

@article{fennessey2001changes,
  title={Changes in runoff due to stormwater management pond regulations},
  author={Fennessey, Lawrence AJ and Hamlett, James M and Aron, Gert and LaSota, David},
  journal={Journal of Hydrologic Engineering},
  volume={6},
  number={4},
  pages={317--327},
  year={2001},
  publisher={American Society of Civil Engineers}
}

@article{carbognin2010global,
  title={Global change and relative sea level rise at Venice: what impact in term of flooding},
  author={Carbognin, Laura and Teatini, Pietro and Tomasin, Alberto and Tosi, Luigi},
  journal={Climate Dynamics},
  volume={35},
  number={6},
  pages={1039--1047},
  year={2010},
  publisher={Springer}
}

@article{spanger2014encroaching,
  title={Encroaching tides: How sea level rise and tidal flooding threaten US East and Gulf Coast communities over the next 30 years},
  author={Spanger-Siegfried, Erika and Fitzpatrick, Melanie and Dahl, Kristina},
  year={2014}
}

@article{sweet2017global,
  title={Global and regional sea level rise scenarios for the United States},
  author={Sweet, William V and Kopp, Robert E and Weaver, Christopher P and Obeysekera, Jayantha and Horton, Radley M and Thieler, E Robert and Zervas, Chris},
  year={2017}
}

@article{heberger2011potential,
  title={Potential impacts of increased coastal flooding in California due to sea-level rise},
  author={Heberger, Matthew and Cooley, Heather and Herrera, Pablo and Gleick, Peter H and Moore, Eli},
  journal={Climatic Change},
  volume={109},
  number={1},
  pages={229--249},
  year={2011},
  publisher={Springer}
}

@article{hallegatte2011assessing,
  title={Assessing climate change impacts, sea level rise and storm surge risk in port cities: a case study on Copenhagen},
  author={Hallegatte, Stephane and Ranger, Nicola and Mestre, Olivier and Dumas, Patrice and Corfee-Morlot, Jan and Herweijer, Celine and Wood, Robert Muir},
  journal={Climatic change},
  volume={104},
  number={1},
  pages={113--137},
  year={2011},
  publisher={Springer}
}

@article{brown2018quantifying,
  title={Quantifying Land and People Exposed to Sea-Level Rise with No Mitigation and 1.5 and 2.0 C Rise in Global Temperatures to Year 2300},
  author={Brown, Sally and Nicholls, RJ and Goodwin, Philip and Haigh, ID and Lincke, Daniel and Vafeidis, AT and Hinkel, Jochen},
  journal={Earth's Future},
  publisher={Wiley Online Library}
}

@article{nicholls2010sea,
  title={Sea-level rise and its impact on coastal zones},
  author={Nicholls, Robert J and Cazenave, Anny},
  journal={science},
  volume={328},
  number={5985},
  pages={1517--1520},
  year={2010},
  publisher={American Association for the Advancement of Science}
}

@article{mcgranahan2007rising,
  title={The rising tide: assessing the risks of climate change and human settlements in low elevation coastal zones},
  author={McGranahan, Gordon and Balk, Deborah and Anderson, Bridget},
  journal={Environment and urbanization},
  volume={19},
  number={1},
  pages={17--37},
  year={2007},
  publisher={SAGE Publications Sage UK: London, England}
}
